[gd_scene load_steps=55 format=2]

[ext_resource path="res://assets/sprites/monstre_idle/Chronologie 10023.png" type="Texture" id=1]
[ext_resource path="res://assets/sprites/monstre_idle/Chronologie 10020.png" type="Texture" id=2]
[ext_resource path="res://assets/sprites/monstre_idle/Chronologie 10019.png" type="Texture" id=3]
[ext_resource path="res://assets/sprites/monstre_idle/Chronologie 10009.png" type="Texture" id=4]
[ext_resource path="res://assets/sprites/monstre_idle/Chronologie 10006.png" type="Texture" id=5]
[ext_resource path="res://assets/sprites/monstre_idle/Chronologie 10001.png" type="Texture" id=6]
[ext_resource path="res://assets/sprites/monstre_idle/Chronologie 10015.png" type="Texture" id=7]
[ext_resource path="res://assets/sprites/monstre_idle/Chronologie 10021.png" type="Texture" id=8]
[ext_resource path="res://assets/sprites/monstre_idle/Chronologie 10013.png" type="Texture" id=9]
[ext_resource path="res://assets/sprites/monstre_idle/Chronologie 10005.png" type="Texture" id=10]
[ext_resource path="res://assets/sprites/monstre_idle/Chronologie 10007.png" type="Texture" id=11]
[ext_resource path="res://assets/sprites/monstre_idle/Chronologie 10000.png" type="Texture" id=12]
[ext_resource path="res://assets/sprites/monstre_idle/Chronologie 10014.png" type="Texture" id=13]
[ext_resource path="res://assets/sprites/monstre_idle/Chronologie 10003.png" type="Texture" id=14]
[ext_resource path="res://assets/sprites/monstre_idle/Chronologie 10010.png" type="Texture" id=15]
[ext_resource path="res://assets/sprites/monstre_idle/Chronologie 10016.png" type="Texture" id=16]
[ext_resource path="res://assets/sprites/monstre_idle/Chronologie 10012.png" type="Texture" id=17]
[ext_resource path="res://assets/sprites/monstre_idle/Chronologie 10011.png" type="Texture" id=18]
[ext_resource path="res://assets/sprites/monstre_idle/Chronologie 10018.png" type="Texture" id=19]
[ext_resource path="res://assets/sprites/monstre_idle/Chronologie 10017.png" type="Texture" id=20]
[ext_resource path="res://assets/sprites/monstre_idle/Chronologie 10002.png" type="Texture" id=21]
[ext_resource path="res://assets/sprites/monstre_idle/Chronologie 10022.png" type="Texture" id=22]
[ext_resource path="res://assets/sprites/monstre_idle/Chronologie 10008.png" type="Texture" id=23]
[ext_resource path="res://assets/sprites/monstre_idle/Chronologie 10004.png" type="Texture" id=24]
[ext_resource path="res://scenes/game/monster.gd" type="Script" id=25]
[ext_resource path="res://assets/sprites/monstre_mastication/Chronologie 10008.png" type="Texture" id=26]
[ext_resource path="res://assets/sprites/monstre_mastication/Chronologie 10005.png" type="Texture" id=27]
[ext_resource path="res://assets/sprites/monstre_mastication/Chronologie 10001.png" type="Texture" id=28]
[ext_resource path="res://assets/sprites/monstre_mastication/Chronologie 10000.png" type="Texture" id=29]
[ext_resource path="res://assets/sprites/monstre_mastication/Chronologie 10010.png" type="Texture" id=30]
[ext_resource path="res://assets/sprites/monstre_mastication/Chronologie 10009.png" type="Texture" id=31]
[ext_resource path="res://assets/sprites/monstre_mastication/Chronologie 10016.png" type="Texture" id=32]
[ext_resource path="res://assets/sprites/monstre_mastication/Chronologie 10004.png" type="Texture" id=33]
[ext_resource path="res://assets/sprites/monstre_mastication/Chronologie 10002.png" type="Texture" id=34]
[ext_resource path="res://assets/sprites/monstre_ouvre_bouche/Chronologie 10008.png" type="Texture" id=35]
[ext_resource path="res://assets/sprites/monstre_ouvre_bouche/Chronologie 10007.png" type="Texture" id=36]
[ext_resource path="res://assets/sprites/monstre_mastication/Chronologie 10006.png" type="Texture" id=37]
[ext_resource path="res://assets/sprites/monstre_ouvre_bouche/Chronologie 10005.png" type="Texture" id=38]
[ext_resource path="res://assets/sprites/monstre_mastication/Chronologie 10014.png" type="Texture" id=39]
[ext_resource path="res://assets/sprites/monstre_mastication/Chronologie 10015.png" type="Texture" id=40]
[ext_resource path="res://assets/sprites/monstre_mastication/Chronologie 10017.png" type="Texture" id=41]
[ext_resource path="res://assets/sprites/monstre_hurt/monstre_hurt.png" type="Texture" id=42]
[ext_resource path="res://assets/sprites/monstre_ouvre_bouche/Chronologie 10004.png" type="Texture" id=43]
[ext_resource path="res://assets/sprites/monstre_mastication/Chronologie 10013.png" type="Texture" id=44]
[ext_resource path="res://assets/sprites/monstre_mastication/Chronologie 10003.png" type="Texture" id=45]
[ext_resource path="res://assets/sprites/monstre_ouvre_bouche/Chronologie 10003.png" type="Texture" id=46]
[ext_resource path="res://assets/sprites/monstre_ouvre_bouche/Chronologie 10001.png" type="Texture" id=47]
[ext_resource path="res://assets/sprites/monstre_ouvre_bouche/Chronologie 10000.png" type="Texture" id=48]
[ext_resource path="res://assets/sprites/monstre_mastication/Chronologie 10007.png" type="Texture" id=49]
[ext_resource path="res://assets/sprites/monstre_ouvre_bouche/Chronologie 10006.png" type="Texture" id=50]
[ext_resource path="res://assets/sprites/monstre_mastication/Chronologie 10012.png" type="Texture" id=51]
[ext_resource path="res://assets/sprites/monstre_mastication/Chronologie 10011.png" type="Texture" id=52]
[ext_resource path="res://assets/sprites/monstre_ouvre_bouche/Chronologie 10002.png" type="Texture" id=53]

[sub_resource type="SpriteFrames" id=1]
animations = [ {
"frames": [ ExtResource( 29 ), ExtResource( 28 ), ExtResource( 34 ), ExtResource( 45 ), ExtResource( 33 ), ExtResource( 27 ), ExtResource( 37 ), ExtResource( 49 ), ExtResource( 26 ), ExtResource( 31 ), ExtResource( 30 ), ExtResource( 52 ), ExtResource( 51 ), ExtResource( 44 ), ExtResource( 39 ), ExtResource( 40 ), ExtResource( 32 ), ExtResource( 41 ) ],
"loop": true,
"name": "chewing",
"speed": 30.0
}, {
"frames": [ ExtResource( 12 ), ExtResource( 6 ), ExtResource( 21 ), ExtResource( 14 ), ExtResource( 24 ), ExtResource( 10 ), ExtResource( 5 ), ExtResource( 11 ), ExtResource( 23 ), ExtResource( 4 ), ExtResource( 15 ), ExtResource( 18 ), ExtResource( 17 ), ExtResource( 9 ), ExtResource( 13 ), ExtResource( 7 ), ExtResource( 16 ), ExtResource( 20 ), ExtResource( 19 ), ExtResource( 3 ), ExtResource( 2 ), ExtResource( 8 ), ExtResource( 22 ), ExtResource( 1 ) ],
"loop": true,
"name": "default",
"speed": 30.0
}, {
"frames": [ ExtResource( 42 ) ],
"loop": true,
"name": "hurt",
"speed": 5.0
}, {
"frames": [ ExtResource( 35 ), ExtResource( 36 ), ExtResource( 50 ), ExtResource( 38 ) ],
"loop": true,
"name": "keep_mouth_open",
"speed": 5.0
}, {
"frames": [ ExtResource( 48 ), ExtResource( 47 ), ExtResource( 53 ), ExtResource( 46 ), ExtResource( 43 ), ExtResource( 38 ), ExtResource( 50 ), ExtResource( 36 ), ExtResource( 35 ) ],
"loop": false,
"name": "open_mouth",
"speed": 24.0
} ]

[node name="Monster" type="Node2D"]
script = ExtResource( 25 )

[node name="AnimatedSprite" type="AnimatedSprite" parent="."]
frames = SubResource( 1 )
animation = "open_mouth"
frame = 8

[node name="WantToEat" type="Timer" parent="."]
wait_time = 5.0
autostart = true

[node name="CloseMouth" type="Timer" parent="."]
wait_time = 5.0
one_shot = true

[node name="AudioStreamPlayer" type="AudioStreamPlayer" parent="."]
volume_db = -10.0

[node name="ShouldCloseMouth" type="Timer" parent="."]
wait_time = 0.5
one_shot = true

[connection signal="animation_finished" from="AnimatedSprite" to="." method="_on_AnimatedSprite_animation_finished"]
[connection signal="timeout" from="WantToEat" to="." method="_on_WantToEat_timeout"]
[connection signal="timeout" from="CloseMouth" to="." method="_on_CloseMouth_timeout"]
[connection signal="timeout" from="ShouldCloseMouth" to="." method="_on_ShouldCloseMouth_timeout"]
