[gd_scene load_steps=13 format=2]

[ext_resource path="res://scenes/world/kitchen.gd" type="Script" id=1]
[ext_resource path="res://scenes/game/knife.tscn" type="PackedScene" id=2]
[ext_resource path="res://scenes/game/monster.tscn" type="PackedScene" id=3]
[ext_resource path="res://assets/sprites/estomac/estomac_plein.png" type="Texture" id=4]
[ext_resource path="res://assets/sprites/estomac/estomac_vide.png" type="Texture" id=5]
[ext_resource path="res://scenes/menu/victory.tscn" type="PackedScene" id=6]
[ext_resource path="res://scenes/game/convoyor.tscn" type="PackedScene" id=7]
[ext_resource path="res://assets/sprites/background.png" type="Texture" id=8]
[ext_resource path="res://assets/audio/BGM01.mp3" type="AudioStream" id=9]
[ext_resource path="res://scenes/menu/defeat.tscn" type="PackedScene" id=10]

[sub_resource type="RectangleShape2D" id=2]
extents = Vector2( 28.5, 55 )

[sub_resource type="RectangleShape2D" id=3]
extents = Vector2( 57.5, 24.5 )

[node name="Kitchen" type="Node2D"]
script = ExtResource( 1 )

[node name="Background" type="Sprite" parent="."]
position = Vector2( 256, 128 )
texture = ExtResource( 8 )

[node name="Monster" parent="." instance=ExtResource( 3 )]
position = Vector2( 266, 112 )

[node name="Convoyor" parent="." instance=ExtResource( 7 )]

[node name="FoodSpawner" type="Position2D" parent="."]
position = Vector2( -29, 166 )

[node name="FoodFrequency" type="Timer" parent="."]
wait_time = 2.0

[node name="Out" type="Area2D" parent="."]
position = Vector2( 570, 157 )

[node name="CollisionShape2D" type="CollisionShape2D" parent="Out"]
modulate = Color( 1, 0, 0, 1 )
position = Vector2( 9.5, -1 )
shape = SubResource( 2 )

[node name="Knife" parent="." instance=ExtResource( 2 )]

[node name="Mouth" type="Area2D" parent="."]
modulate = Color( 0.14902, 1, 0, 1 )
position = Vector2( 265, 121 )

[node name="CollisionShape2D" type="CollisionShape2D" parent="Mouth"]
position = Vector2( -1.5, -5.5 )
shape = SubResource( 3 )

[node name="Stomach" type="TextureProgress" parent="."]
margin_left = 447.0
margin_right = 511.0
margin_bottom = 96.0
value = 30.0
texture_under = ExtResource( 5 )
texture_progress = ExtResource( 4 )
fill_mode = 3

[node name="Victory" parent="." instance=ExtResource( 6 )]
visible = false

[node name="hungry" type="Timer" parent="."]
autostart = true

[node name="Defeat" parent="." instance=ExtResource( 10 )]
visible = false

[node name="AudioStreamPlayer" type="AudioStreamPlayer" parent="."]
stream = ExtResource( 9 )
volume_db = -30.0
autoplay = true

[connection signal="timeout" from="FoodFrequency" to="." method="_on_FoodFrequency_timeout"]
[connection signal="body_entered" from="Out" to="." method="_on_Out_body_entered"]
[connection signal="body_entered" from="Mouth" to="." method="_on_Mouth_body_entered"]
[connection signal="timeout" from="hungry" to="." method="_on_hungry_timeout"]
